<record><leader>00000cas a22000007a 4500</leader><controlfield tag="001">18674337</controlfield><controlfield tag="008">881027d193u19uupauwr ne      0    0eng d</controlfield><datafield ind1=" " ind2=" " tag="010"><subfield code="a">sn 88079599 </subfield></datafield><datafield ind1=" " ind2=" " tag="040"><subfield code="a">NPH</subfield><subfield code="b">eng</subfield><subfield code="c">NPH</subfield><subfield code="d">OCLCQ</subfield></datafield><datafield ind1=" " ind2=" " tag="042"><subfield code="a">msc</subfield></datafield><datafield ind1="0" ind2="0" tag="245"><subfield code="a">Easton road guide.</subfield></datafield><datafield ind1="1" ind2="3" tag="246"><subfield code="a">Easton rd. guide</subfield></datafield><datafield ind1=" " ind2=" " tag="260"><subfield code="a">Glenside, Pa. :</subfield><subfield code="b">Marguerite Bonelli Freeston</subfield></datafield><datafield ind1=" " ind2=" " tag="300"><subfield code="a">v. :</subfield><subfield code="b">ill. ;</subfield><subfield code="c">56 cm.</subfield></datafield><datafield ind1=" " ind2=" " tag="310"><subfield code="a">Weekly</subfield></datafield><datafield ind1=" " ind2=" " tag="500"><subfield code="a">"Circulates in Cheltenham and Abington Townships, and the Borough of Jenkintown, all just north of Philadelphia, including the following towns: Glenside, Edge Hill, North Hills, Oreland, Ardsley, Weldon, Roslyn, Abington, Wyncote, Jenkintown, Elkins Park, Melrose Park, etc. etc."</subfield></datafield><datafield ind1=" " ind2=" " tag="588"><subfield code="a">Description based on: Vol. 9, no. 26 (July 17, 1941).</subfield></datafield><datafield ind1=" " ind2=" " tag="752"><subfield code="a">United States</subfield><subfield code="b">Pennsylvania</subfield><subfield code="c">Montgomery</subfield><subfield code="d">Glenside.</subfield></datafield><datafield ind1="0" ind2="0" tag="780"><subfield code="t">Easton road shopping guide</subfield><subfield code="w">(DLC)sn 89077524</subfield></datafield></record>